%% This BibTeX bibliography file was created using BibDesk.
%% http://bibdesk.sourceforge.net/


%% Created for chenyu at 2016-02-03 11:02:59 +0800 


%% Saved with string encoding Unicode (UTF-8) 

@article{wan2015dynamic,
  title={Dynamic sensor event segmentation for real-time activity recognition in a smart home context},
  author={Wan, Jie and O’Grady, Michael J and O’Hare, Gregory MP},
  journal={Personal and Ubiquitous Computing},
  volume={19},
  number={2},
  pages={287--301},
  year={2015},
  publisher={Springer}
}

@inproceedings{toutanova2007bayesian,
  title={A {B}ayesian {LDA}-based model for semi-supervised part-of-speech tagging},
  author={Toutanova, Kristina and Johnson, Mark},
  booktitle={Advances in Neural Information Processing systems},
  pages={1521--1528},
  year={2007}
}

@inproceedings{hoffman2010online,
  title={Online learning for latent dirichlet allocation},
  author={Hoffman, Matthew and Bach, Francis R and Blei, David M},
  booktitle={Advances in Neural Information Processing Systems},
  pages={856--864},
  year={2010}
}

@inproceedings{vahdatpour2009toward,
	Author = {Vahdatpour, Alireza and Amini, Navid and Sarrafzadeh, Majid},
	Booktitle = {The 21st International Joint Conference on Artificial Intelligence (IJCAI-2009)},
	Date-Added = {2016-02-03 02:31:56 +0000},
	Date-Modified = {2016-02-03 02:31:56 +0000},
	Pages = {1261--1266},
	Title = {Toward Unsupervised Activity Discovery Using Multi-Dimensional Motif Detection in Time Series.},
	Volume = {9},
	Year = {2009}}

@article{saives2015activity,
	Author = {Saives, J{\'e}r{\'e}mie and Pianon, Cl{\'e}ment and Faraut, Gregory},
	Journal = {Automation Science and Engineering, IEEE Transactions on},
	Number = {4},
	Pages = {1211--1224},
	Publisher = {IEEE},
	Title = {Activity Discovery and Detection of Behavioral Deviations of an Inhabitant From Binary Sensors},
	Volume = {12},
	Year = {2015}}

@article{Ramirez2012125,
	Author = {Eduardo H. Ramirez and Ramon Brena and Davide Magatti and Fabio Stella},
	Date-Added = {2016-02-02 05:34:54 +0000},
	Date-Modified = {2016-02-02 05:34:54 +0000},
	Journal = {Neurocomputing},
	Number = {1},
	Pages = {125 - 133},
	Title = {Topic Model Validation},
	Volume = {76},
	Year = {2012}}

@article{fowlkes1983method,
	Author = {Fowlkes, Edward B and Mallows, Colin L},
	Date-Added = {2016-02-02 04:41:20 +0000},
	Date-Modified = {2016-02-02 04:41:20 +0000},
	Journal = {Journal of the American Statistical Association},
	Number = {383},
	Pages = {553--569},
	Publisher = {Taylor \& Francis Group},
	Title = {A Method for Comparing Two Hierarchical Clusterings},
	Volume = {78},
	Year = {1983}}

@article{cook2009assessing,
	Author = {Cook, Diane J and Schmitter-Edgecombe, M and others},
	Date-Added = {2015-11-22 11:10:01 +0000},
	Date-Modified = {2015-11-22 11:10:01 +0000},
	Journal = {Methods of Information in Medicine},
	Number = {5},
	Pages = {480},
	Title = {Assessing the Quality of Activities in a Smart Environment},
	Volume = {48},
	Year = {2009}}

@article{cook2013casas,
	Author = {Cook, Diane J and Crandall, Aaron S and Thomas, Brian L and Krishnan, Narayanan C},
	Date-Added = {2015-11-22 11:08:06 +0000},
	Date-Modified = {2015-11-22 11:08:06 +0000},
	Journal = {Computer},
	Number = {7},
	Publisher = {NIH Public Access},
	Title = {{CASAS}: A Smart Home in a Box},
	Volume = {46},
	Year = {2013}}

@article{krishnan2014activity,
	Author = {Krishnan, Narayanan C and Cook, Diane J},
	Date-Added = {2015-11-17 12:39:33 +0000},
	Date-Modified = {2015-11-17 12:39:33 +0000},
	Journal = {Pervasive and Mobile Computing},
	Pages = {138--154},
	Publisher = {Elsevier},
	Title = {Activity Recognition on Streaming Sensor Data},
	Volume = {10},
	Year = {2014}}

@inproceedings{hofmann1999probabilistic,
	Author = {Hofmann, Thomas},
	Booktitle = {The 22nd Annual International ACM SIGIR Conference on Research and Development in Information Retrieval},
	Date-Added = {2015-11-17 11:22:54 +0000},
	Date-Modified = {2015-11-17 11:22:54 +0000},
	Organization = {ACM},
	Pages = {50--57},
	Title = {Probabilistic Latent Semantic Indexing},
	Year = {1999}}

@inproceedings{wyatt2005unsupervised,
	Author = {Wyatt, Danny and Philipose, Matthai and Choudhury, Tanzeem},
	Booktitle = {The 20th National Conference on Artificial Intelligence (AAAI-2005)},
	Date-Added = {2015-11-17 11:04:33 +0000},
	Date-Modified = {2015-11-17 11:04:33 +0000},
	Pages = {21--27},
	Title = {Unsupervised activity recognition using automatically mined common sense},
	Volume = {5},
	Year = {2005}}

@inproceedings{tan2014discovering,
	Author = {Tan, Zehong and Xiao, Shuangjiu},
	Booktitle = {The 13th ACM SIGGRAPH International Conference on Virtual-Reality Continuum and its Applications in Industry},
	Date-Added = {2015-11-17 11:03:33 +0000},
	Date-Modified = {2015-11-17 11:03:33 +0000},
	Organization = {ACM},
	Pages = {181--188},
	Title = {Discovering Frequent ADL Patterns from Wearable Accelerometers},
	Year = {2014}}

@article{seiter2015daily,
	Author = {Seiter, J and Derungs, A and Schuster-Amft, C and Amft, O and Tr{\"o}ster, G and others},
	Date-Added = {2015-11-17 11:03:33 +0000},
	Date-Modified = {2015-11-17 11:03:33 +0000},
	Journal = {Methods Information in Medicine},
	Number = {3},
	Pages = {248--255},
	Title = {Daily Life Activity Routine Discovery in Hemiparetic Rehabilitation Patients Using Topic Models},
	Volume = {54},
	Year = {2015}}

@article{brdiczka2009learning,
	Author = {Brdiczka, Oliver and Crowley, James L and Reignier, Patrick},
	Date-Added = {2015-11-17 11:03:33 +0000},
	Date-Modified = {2015-11-17 11:03:33 +0000},
	Journal = {Systems, Man, and Cybernetics, Part B: Cybernetics, IEEE Transactions on},
	Number = {1},
	Pages = {56--63},
	Publisher = {IEEE},
	Title = {Learning Situation Models in a Smart Home},
	Volume = {39},
	Year = {2009}}

@article{salton1988term,
	Author = {Salton, Gerard and Buckley, Christopher},
	Date-Added = {2015-11-17 11:03:33 +0000},
	Date-Modified = {2015-11-17 11:03:33 +0000},
	Journal = {Information Processing \& Management},
	Number = {5},
	Pages = {513--523},
	Publisher = {Elsevier},
	Title = {Term-weighting Approaches in Automatic Text Retrieval},
	Volume = {24},
	Year = {1988}}

@article{scikit-learn,
	Author = {Pedregosa, F. and Varoquaux, G. and Gramfort, A. and Michel, V. and Thirion, B. and Grisel, O. and Blondel, M. and Prettenhofer, P. and Weiss, R. and Dubourg, V. and Vanderplas, J. and Passos, A. and Cournapeau, D. and Brucher, M. and Perrot, M. and Duchesnay, E.},
	Date-Added = {2015-11-17 11:03:33 +0000},
	Date-Modified = {2015-11-17 11:03:33 +0000},
	Journal = {Journal of Machine Learning Research},
	Pages = {2825--2830},
	Title = {Scikit-learn: Machine Learning in {P}ython},
	Volume = {12},
	Year = {2011}}

@article{hong2013segmenting,
	Author = {Hong, Xin and Nugent, Chris D},
	Date-Added = {2015-11-17 11:03:33 +0000},
	Date-Modified = {2015-11-17 11:03:33 +0000},
	Journal = {Personal and Ubiquitous Computing},
	Number = {3},
	Pages = {545--559},
	Publisher = {Springer},
	Title = {Segmenting Sensor Data for Activity Monitoring in Smart Environments},
	Volume = {17},
	Year = {2013}}

@inproceedings{wang2006topics,
	Author = {Wang, Xuerui and McCallum, Andrew},
	Booktitle = {The 12th ACM SIGKDD International Conference on Knowledge Discovery and Data Mining},
	Date-Added = {2015-11-17 11:03:33 +0000},
	Date-Modified = {2015-11-17 11:03:33 +0000},
	Organization = {ACM},
	Pages = {424--433},
	Title = {Topics Over Time: a Non-{M}arkov Continuous-Time Model of Topical Trends},
	Year = {2006}}

@inproceedings{wallach2006topic,
	Author = {Wallach, Hanna M},
	Booktitle = {The 23rd International Conference on Machine Learning (ICML-2006)},
	Date-Added = {2015-11-17 11:03:33 +0000},
	Date-Modified = {2015-11-17 11:03:33 +0000},
	Organization = {ACM},
	Pages = {977--984},
	Title = {Topic Modeling: Beyond Bag-of-Words},
	Year = {2006}}

@inproceedings{gruber2007hidden,
	Author = {Gruber, Amit and Weiss, Yair and Rosen-Zvi, Michal},
	Booktitle = {International Conference on Artificial Intelligence and Statistics},
	Date-Added = {2015-11-17 11:03:33 +0000},
	Date-Modified = {2015-11-17 11:03:33 +0000},
	Pages = {163--170},
	Title = {Hidden topic {M}arkov models},
	Year = {2007}}

@inproceedings{hospedales2009markov,
	Author = {Hospedales, Timothy and Gong, Shaogang and Xiang, Tao},
	Booktitle = {The 12th International Conference on Computer Vision (ICCV-2009)},
	Date-Added = {2015-11-17 11:03:33 +0000},
	Date-Modified = {2015-11-17 11:03:33 +0000},
	Organization = {IEEE},
	Pages = {1165--1172},
	Title = {A {M}arkov Clustering Topic Model for Mining Behaviour in Video},
	Year = {2009}}

@article{gu2010unsupervised,
	Author = {Gu, Tao and Chen, Shaxun and Tao, Xianping and Lu, Jian},
	Date-Added = {2015-11-17 11:03:33 +0000},
	Date-Modified = {2015-11-17 11:03:33 +0000},
	Journal = {Data \& Knowledge Engineering},
	Number = {6},
	Pages = {533--544},
	Publisher = {Elsevier},
	Title = {An Unsupervised Approach to Activity Recognition and Segmentation Based on Object-Use Fingerprints},
	Volume = {69},
	Year = {2010}}

@article{rashidi2011discovering,
	Author = {Rashidi, Parisa and Cook, Diane J and Holder, Lawrence B and Schmitter-Edgecombe, Maureen},
	Date-Added = {2015-11-17 11:03:33 +0000},
	Date-Modified = {2015-11-17 11:03:33 +0000},
	Journal = {Knowledge and Data Engineering, IEEE Transactions on},
	Number = {4},
	Pages = {527--539},
	Publisher = {IEEE},
	Title = {Discovering Activities to Recognize and Track in a Smart Environment},
	Volume = {23},
	Year = {2011}}

@inproceedings{huynh2008discovery,
	Author = {Huynh, T{\^a}m and Fritz, Mario and Schiele, Bernt},
	Booktitle = {The 10th International Conference on Ubiquitous Computing},
	Date-Added = {2015-11-17 11:03:33 +0000},
	Date-Modified = {2015-11-17 11:03:33 +0000},
	Organization = {ACM},
	Pages = {10--19},
	Title = {Discovery of Activity Patterns Using Topic Models},
	Year = {2008}}

@article{cook2013activity,
	Author = {Cook, Diane J and Krishnan, Narayanan C and Rashidi, Parisa},
	Date-Added = {2015-11-17 11:03:33 +0000},
	Date-Modified = {2015-11-17 11:03:33 +0000},
	Journal = {Cybernetics, IEEE Transactions on},
	Number = {3},
	Pages = {820--828},
	Publisher = {IEEE},
	Title = {Activity Discovery and Activity Recognition: A New Partnership},
	Volume = {43},
	Year = {2013}}

@article{cook2010learning,
	Author = {Cook, Diane J},
	Date-Added = {2015-11-17 11:03:33 +0000},
	Date-Modified = {2015-11-17 11:03:33 +0000},
	Journal = {IEEE Intelligent Systems},
	Number = {99},
	Pages = {1},
	Publisher = {NIH Public Access},
	Title = {Learning Setting-Generalized Activity Models for Smart Spaces},
	Volume = {2010},
	Year = {2010}}

@inproceedings{griffiths2004integrating,
	Author = {Griffiths, Thomas L and Steyvers, Mark and Blei, David M and Tenenbaum, Joshua B},
	Booktitle = {Advances in Neural Information Processing Systems},
	Date-Added = {2015-11-17 11:03:33 +0000},
	Date-Modified = {2015-11-17 11:03:33 +0000},
	Pages = {537--544},
	Title = {Integrating Topics and Syntax},
	Year = {2004}}

@book{lawler2006introduction,
	Author = {Lawler, Gregory F},
	Date-Added = {2015-11-17 11:03:33 +0000},
	Date-Modified = {2015-11-17 11:03:33 +0000},
	Publisher = {CRC Press},
	Title = {Introduction to Stochastic Processes},
	Year = {2006}}

@article{wang2009human,
	Author = {Wang, Yang and Mori, Greg},
	Date-Added = {2015-11-17 11:03:33 +0000},
	Date-Modified = {2015-11-17 11:03:33 +0000},
	Journal = {Pattern Analysis and Machine Intelligence, IEEE Transactions on},
	Number = {10},
	Pages = {1762--1774},
	Publisher = {IEEE},
	Title = {Human Action Recognition by Semilatent Topic Models},
	Volume = {31},
	Year = {2009}}

@inproceedings{wu2007joint,
	Author = {Wu, Tsu-yu and Lian, Chia-chun and Hsu, Jane Yung-jen},
	Booktitle = {The 22nd Conference on Artificial Intelligence (AAAI-2007)},
	Date-Added = {2015-11-17 11:03:33 +0000},
	Date-Modified = {2015-11-17 11:03:33 +0000},
	Title = {Joint Recognition of Multiple Concurrent Activities Using Factorial Conditional Random Fields},
	Year = {2007}}

@inproceedings{van2008accurate,
	Author = {Van Kasteren, Tim and Noulas, Athanasios and Englebienne, Gwenn and Kr{\"o}se, Ben},
	Booktitle = {The 10th International Conference on Ubiquitous Computing},
	Date-Added = {2015-11-17 11:03:33 +0000},
	Date-Modified = {2015-11-17 11:03:33 +0000},
	Organization = {ACM},
	Pages = {1--9},
	Title = {Accurate Activity Recognition in a Home Setting},
	Year = {2008}}

@inproceedings{duong2005activity,
	Author = {Duong, Thi V and Bui, Hung Hai and Phung, Dinh Q and Venkatesh, Svetha},
	Booktitle = {Computer Vision and Pattern Recognition, 2005. CVPR},
	Date-Added = {2015-11-17 11:03:33 +0000},
	Date-Modified = {2015-11-17 11:03:33 +0000},
	Organization = {IEEE},
	Pages = {838--845},
	Title = {Activity recognition and abnormality detection with the switching hidden semi-{M}arkov model},
	Volume = {1},
	Year = {2005}}

@article{griffiths2004finding,
	Author = {Griffiths, Thomas L and Steyvers, Mark},
	Date-Added = {2015-11-17 11:03:33 +0000},
	Date-Modified = {2015-11-17 11:03:33 +0000},
	Journal = {The National Academy of Sciences},
	Number = {suppl 1},
	Pages = {5228--5235},
	Publisher = {National Academy Sciences},
	Title = {Finding scientific topics},
	Volume = {101},
	Year = {2004}}

@article{singla2010recognizing,
	Author = {Singla, Geetika and Cook, Diane J and Schmitter-Edgecombe, Maureen},
	Date-Added = {2015-11-17 11:03:33 +0000},
	Date-Modified = {2015-11-17 11:03:33 +0000},
	Journal = {Journal of Ambient Intelligence and Humanized Computing},
	Number = {1},
	Pages = {57--63},
	Publisher = {Springer},
	Title = {Recognizing independent and joint activities among multiple residents in smart environments},
	Volume = {1},
	Year = {2010}}

@article{shi2007support,
	Author = {Shi, Zhiwei and Han, Min},
	Date-Added = {2015-11-17 11:03:33 +0000},
	Date-Modified = {2015-11-17 11:03:33 +0000},
	Journal = {Neural Networks, IEEE Transactions on},
	Number = {2},
	Pages = {359--372},
	Publisher = {IEEE},
	Title = {Support vector echo-state machine for chaotic time-series prediction},
	Volume = {18},
	Year = {2007}}

@article{saria2010discovering,
	Author = {Saria, Suchi and Koller, Daphne and Penn, Anna},
	Date-Added = {2015-11-17 11:03:33 +0000},
	Date-Modified = {2015-11-17 11:03:33 +0000},
	Journal = {arXiv preprint arXiv:1008.2028},
	Title = {Discovering shared and individual latent structure in multiple time series},
	Year = {2010}}

@article{yu2010hidden,
	Author = {Yu, Shun-Zheng},
	Date-Added = {2015-11-17 11:03:33 +0000},
	Date-Modified = {2015-11-17 11:03:33 +0000},
	Journal = {Artificial Intelligence},
	Number = {2},
	Pages = {215--243},
	Publisher = {Elsevier},
	Title = {Hidden semi-{M}arkov models},
	Volume = {174},
	Year = {2010}}

@inproceedings{wang2007common,
	Author = {Wang, Shiaokai and Pentney, William and Popescu, Ana-Maria and Choudhury, Tanzeem and Philipose, Matthai},
	Booktitle = {The 20th International Joint Conference on Artificial Intelligence (IJCAI-2007)},
	Date-Added = {2015-11-17 11:03:33 +0000},
	Date-Modified = {2015-11-17 11:03:33 +0000},
	Pages = {2237--2242},
	Title = {Common Sense Based Joint Training of Human Activity Recognizers.},
	Volume = {7},
	Year = {2007}}

@inproceedings{luhr2003recognition,
	Author = {L{\"u}hr, Sebastian and Bui, Hung H and Venkatesh, Svetha and West, Geoff AW},
	Booktitle = {2013 IEEE International Conference on Pervasive Computing and Communications (PerCom)},
	Date-Added = {2015-11-17 11:03:33 +0000},
	Date-Modified = {2015-11-17 11:03:33 +0000},
	Organization = {IEEE Computer Society},
	Pages = {416--416},
	Title = {Recognition of human activity through hierarchical stochastic learning},
	Year = {2003}}

@article{fine1998hierarchical,
	Author = {Fine, Shai and Singer, Yoram and Tishby, Naftali},
	Date-Added = {2015-11-17 11:03:33 +0000},
	Date-Modified = {2015-11-17 11:03:33 +0000},
	Journal = {Machine Learning},
	Number = {1},
	Pages = {41--62},
	Publisher = {Springer},
	Title = {The hierarchical hidden {M}arkov model: Analysis and applications},
	Volume = {32},
	Year = {1998}}

@book{murphy2012machine,
	Author = {Murphy, Kevin P},
	Date-Added = {2015-11-17 11:03:33 +0000},
	Date-Modified = {2015-11-17 11:03:33 +0000},
	Publisher = {MIT press},
	Title = {Machine learning: a probabilistic perspective},
	Year = {2012}}

@article{lu2013latent,
	Author = {Lu, Zhiwu and Peng, Yuxin},
	Date-Added = {2015-11-17 11:03:33 +0000},
	Date-Modified = {2015-11-17 11:03:33 +0000},
	Journal = {Pattern Recognition},
	Number = {7},
	Pages = {1799--1809},
	Publisher = {Elsevier},
	Title = {Latent semantic learning with structured sparse representation for human action recognition},
	Volume = {46},
	Year = {2013}}

@article{chen2012sensor,
	Author = {Chen, Liming and Hoey, Jesse and Nugent, Chris D and Cook, Diane J and Yu, Zhiwen},
	Date-Added = {2015-11-17 11:03:33 +0000},
	Date-Modified = {2015-11-17 11:03:33 +0000},
	Journal = {Systems, Man, and Cybernetics, Part C: Applications and Reviews, IEEE Transactions on},
	Number = {6},
	Pages = {790--808},
	Publisher = {IEEE},
	Title = {Sensor-based activity recognition},
	Volume = {42},
	Year = {2012}}

@article{niebles2008unsupervised,
	Author = {Niebles, Juan Carlos and Wang, Hongcheng and Fei-Fei, Li},
	Date-Added = {2015-11-17 11:03:33 +0000},
	Date-Modified = {2015-11-17 11:03:33 +0000},
	Journal = {International Journal of Computer Vision},
	Number = {3},
	Pages = {299--318},
	Publisher = {Springer},
	Title = {Unsupervised learning of human action categories using spatial-temporal words},
	Volume = {79},
	Year = {2008}}

@article{fleury2010svm,
	Author = {Fleury, Anthony and Vacher, Michel and Noury, Norbert},
	Date-Added = {2015-11-17 11:03:33 +0000},
	Date-Modified = {2015-11-17 11:03:33 +0000},
	Journal = {Information Technology in Biomedicine, IEEE Transactions on},
	Number = {2},
	Pages = {274--283},
	Publisher = {IEEE},
	Title = {{SVM}-based multimodal classification of activities of daily living in health smart homes: sensors, algorithms, and first experimental results},
	Volume = {14},
	Year = {2010}}

@article{kim2010human,
	Author = {Kim, Eunju and Helal, Sumi and Cook, Diane},
	Date-Added = {2015-11-17 11:03:33 +0000},
	Date-Modified = {2015-11-17 11:03:33 +0000},
	Journal = {Pervasive Computing, IEEE},
	Number = {1},
	Pages = {48--53},
	Publisher = {IEEE},
	Title = {Human activity recognition and pattern discovery},
	Volume = {9},
	Year = {2010}}

@inproceedings{dollar2005behavior,
	Author = {Doll{\'a}r, Piotr and Rabaud, Vincent and Cottrell, Garrison and Belongie, Serge},
	Booktitle = {Visual Surveillance and Performance Evaluation of Tracking and Surveillance, 2005. 2nd Joint IEEE International Workshop on},
	Date-Added = {2015-11-17 11:03:33 +0000},
	Date-Modified = {2015-11-17 11:03:33 +0000},
	Organization = {IEEE},
	Pages = {65--72},
	Title = {Behavior recognition via sparse spatio-temporal features},
	Year = {2005}}

@article{blei2007correlated,
	Author = {Blei, David M and Lafferty, John D},
	Date-Added = {2015-11-17 11:03:33 +0000},
	Date-Modified = {2015-11-17 11:03:33 +0000},
	Journal = {The Annals of Applied Statistics},
	Pages = {17--35},
	Publisher = {JSTOR},
	Title = {A correlated topic model of science},
	Year = {2007}}

@misc{bishop2007pattern,
	Author = {Bishop, C},
	Date-Added = {2015-11-17 11:03:33 +0000},
	Date-Modified = {2015-11-17 11:03:33 +0000},
	Publisher = {Springer, New York},
	Title = {Pattern Recognition and Machine Learning (Information Science and Statistics), 1st edn. 2006. corr. 2nd printing edn},
	Year = {2007}}

@article{lotfi2012smart,
	Author = {Lotfi, Ahmad and Langensiepen, Caroline and Mahmoud, Sawsan M and Akhlaghinia, M Javad},
	Date-Added = {2015-11-17 11:03:33 +0000},
	Date-Modified = {2015-11-17 11:03:33 +0000},
	Journal = {Journal of Ambient Intelligence and Humanized Computing},
	Number = {3},
	Pages = {205--218},
	Publisher = {Springer},
	Title = {Smart homes for the elderly dementia sufferers: identification and prediction of abnormal behaviour},
	Volume = {3},
	Year = {2012}}

@article{wang2012continuous,
	Author = {Wang, Chong and Blei, David and Heckerman, David},
	Date-Added = {2015-11-17 11:03:33 +0000},
	Date-Modified = {2015-11-17 11:03:33 +0000},
	Journal = {arXiv preprint arXiv:1206.3298},
	Title = {Continuous time dynamic topic models},
	Year = {2012}}

@inproceedings{rosen2004author,
	Author = {Rosen-Zvi, Michal and Griffiths, Thomas and Steyvers, Mark and Smyth, Padhraic},
	Booktitle = {The 20th Conference on Uncertainty in Artificial Intelligence},
	Date-Added = {2015-11-17 11:03:33 +0000},
	Date-Modified = {2015-11-17 11:03:33 +0000},
	Organization = {AUAI Press},
	Pages = {487--494},
	Title = {The author-topic model for authors and documents},
	Year = {2004}}

@inproceedings{mcauliffe2008supervised,
	Author = {Mcauliffe, Jon D and Blei, David M},
	Booktitle = {Advances in Neural Information Processing Systems},
	Date-Added = {2015-11-17 11:03:33 +0000},
	Date-Modified = {2015-11-17 11:03:33 +0000},
	Pages = {121--128},
	Title = {Supervised topic models},
	Year = {2008}}

@article{blei2003latent,
	Author = {Blei, David M and Ng, Andrew Y and Jordan, Michael I},
	Date-Added = {2015-11-17 11:03:33 +0000},
	Date-Modified = {2015-11-17 11:03:33 +0000},
	Journal = {Journal of Machine Learning Research},
	Pages = {993--1022},
	Publisher = {JMLR. org},
	Title = {Latent {D}irichlet allocation},
	Volume = {3},
	Year = {2003}}

@inproceedings{blei2006dynamic,
	Author = {Blei, David M and Lafferty, John D},
	Booktitle = {The 23rd International Conference on Machine Learning (ICML-2006)},
	Date-Added = {2015-11-17 11:03:33 +0000},
	Date-Modified = {2015-11-17 11:03:33 +0000},
	Organization = {ACM},
	Pages = {113--120},
	Title = {Dynamic topic models},
	Year = {2006}}
